
@article{article,
author = {Goldreich, Oded and Micali, Siltnb and Wigderson, Avi},
year = {1987},
month = {01},
pages = {},
title = {A Completeness Theorem for Protocols with Honest Majority},
journal = {Conference Proceedings of the Annual ACM Symposium on Theory of Computing}
}

@misc{lattigo,
	title = {Lattigo 1.3.1},
	url =  {http://github.com/ldsec/lattigo},
	month = {feb},
	year = {2020},
	note = {EPFL-LDS}
}